<record xmlns='http://www.loc.gov/MARC21/slim'><leader>01414cim a22003492u 4500</leader><controlfield tag='001'>3601019</controlfield><controlfield tag='005'>20151214182750.0</controlfield><controlfield tag='007'>ss|lmnjluz|nuu</controlfield><controlfield tag='008'>991101s1985    nyunnn         l    eng d</controlfield><datafield ind1=' ' ind2=' ' tag='035'><subfield code='a'>(NIC)notisASF8084</subfield></datafield><datafield ind1=' ' ind2=' ' tag='035'><subfield code='a'>3601019</subfield></datafield><datafield ind1=' ' ind2=' ' tag='035'><subfield code='a'>(OCoLC)63896937</subfield></datafield><datafield ind1=' ' ind2=' ' tag='040'><subfield code='a'>NIC</subfield><subfield code='c'>NIC</subfield><subfield code='d'>NIC</subfield></datafield><datafield ind1='1' ind2=' ' tag='100'><subfield code='a'>Hoffmann, Roald.</subfield></datafield><datafield ind1='1' ind2='0' tag='245'><subfield code='a'>One culture: creative modes common to the arts and sciences</subfield><subfield code='h'>[sound recording]</subfield></datafield><datafield ind1=' ' ind2=' ' tag='260'><subfield code='c'>1985.</subfield></datafield><datafield ind1=' ' ind2=' ' tag='300'><subfield code='a'>1 sound cassette (73 min.) :</subfield><subfield code='b'>analog, mono.</subfield></datafield><datafield ind1=' ' ind2=' ' tag='500'><subfield code='a'>Recorded in Ithaca, NY by Cornell University.</subfield></datafield><datafield ind1=' ' ind2=' ' tag='500'><subfield code='a'>Sponsored by: Society for the Humanities.</subfield></datafield><datafield ind1=' ' ind2=' ' tag='518'><subfield code='a'>Lecture, February 6, 1985.</subfield></datafield><datafield ind1=' ' ind2=' ' tag='520'><subfield code='a'>Hoffmann discusses the rift between scientists and humanists.  He presents three case studies of chemistry, poetry, and visual arts and describes the similarities common to these fields.</subfield></datafield><datafield ind1=' ' ind2='0' tag='650'><subfield code='a'>Education</subfield><subfield code='x'>Study and teaching.</subfield></datafield><datafield ind1=' ' ind2='0' tag='650'><subfield code='a'>Science</subfield><subfield code='x'>Study and teaching.</subfield></datafield><datafield ind1=' ' ind2='0' tag='650'><subfield code='a'>Art</subfield><subfield code='x'>Study and teaching.</subfield></datafield><datafield ind1=' ' ind2='0' tag='650'><subfield code='a'>Science and the humanities.</subfield></datafield><datafield ind1=' ' ind2='7' tag='650'><subfield code='a'>Art</subfield><subfield code='x'>Study and teaching</subfield><subfield code='2'>fast</subfield><subfield code='0'>(OCoLC)fst00815338</subfield></datafield><datafield ind1=' ' ind2='7' tag='650'><subfield code='a'>Education</subfield><subfield code='x'>Study and teaching</subfield><subfield code='2'>fast</subfield><subfield code='0'>(OCoLC)fst00902796</subfield></datafield><datafield ind1=' ' ind2='7' tag='650'><subfield code='a'>Science and the humanities</subfield><subfield code='2'>fast</subfield><subfield code='0'>(OCoLC)fst01108559</subfield></datafield><datafield ind1=' ' ind2='7' tag='650'><subfield code='a'>Science</subfield><subfield code='x'>Study and teaching</subfield><subfield code='2'>fast</subfield><subfield code='0'>(OCoLC)fst01108387</subfield></datafield><datafield ind1='1' ind2=' ' tag='899'><subfield code='a'>CULectures</subfield></datafield><datafield ind1=' ' ind2=' ' tag='905'><subfield code='a'>19991201120000.0</subfield></datafield><datafield ind1='2' ind2=' ' tag='948'><subfield code='a'>20141221</subfield><subfield code='b'>m</subfield><subfield code='d'>batch</subfield><subfield code='e'>lts</subfield><subfield code='x'>addfast</subfield></datafield></record>